@manual{temp,
  author = {},
  title  = {},
  year   = {},
  url    = {},
  note   = {}
}

@book{Goodfellow-et-al-2016,
    title={Deep Learning},
    author={Ian Goodfellow and Yoshua Bengio and Aaron Courville},
    publisher={MIT Press},
    note={\url{http://www.deeplearningbook.org}},
    year={2016}
}

@book{Raschka-et-al-2022,
    title={Machine Learning with PyTorch and Scikit-Learn},
    author={Sebastian Raschka and Yuxi (Hayden) Liu and Vahid Mirjalili},
    publisher={Packt Publishing Ltd},
    year={2022}
}

@book{Hastie-et-al-2009,
    title={The Elements of Statistical Learning},
    author={Trevor Hastie and Robert Tibshirani and Jerome Friedman},
    publisher={Springer},
    year={2009}
}

@book{Aurélien-Géron-2019,
    title={Hands-On Machine Learning with Scikit-Learn, Keras, and TensorFlow},
    author={Aurélien Géron},
    publisher={O'Reilly Media, Inc.},
    year={2019}
}

 @book{murphy1,
 author = {Kevin P. Murphy},
 title = {Probabilistic Machine Learning: An introduction},
 publisher = {MIT Press},
 year = {2022},
 url = {\url{http://probml.github.io/book1}},
 pages = {156-158}
}

@article{scikit-learn,
  title={Scikit-learn: Machine Learning in {P}ython},
  author={Pedregosa, F. and Varoquaux, G. and Gramfort, A. and Michel, V.
          and Thirion, B. and Grisel, O. and Blondel, M. and Prettenhofer, P.
          and Weiss, R. and Dubourg, V. and Vanderplas, J. and Passos, A. and
          Cournapeau, D. and Brucher, M. and Perrot, M. and Duchesnay, E.},
  journal={Journal of Machine Learning Research},
  volume={12},
  pages={2825--2830},
  year={2011}
}

@ARTICLE{2020NumPy-Array,
  author  = {Harris, Charles R. and Millman, K. Jarrod and van der Walt, Stéfan J and Gommers, Ralf and Virtanen, Pauli and Cournapeau, David and Wieser, Eric and Taylor, Julian and Berg, Sebastian and Smith, Nathaniel J. and Kern, Robert and Picus, Matti and Hoyer, Stephan and van Kerkwijk, Marten H. and Brett, Matthew and Haldane, Allan and Fernández del Río, Jaime and Wiebe, Mark and Peterson, Pearu and Gérard-Marchant, Pierre and Sheppard, Kevin and Reddy, Tyler and Weckesser, Warren and Abbasi, Hameer and Gohlke, Christoph and Oliphant, Travis E.},
  title   = {Array programming with {NumPy}},
  journal = {Nature},
  year    = {2020},
  volume  = {585},
  pages   = {357–362},
  doi     = {10.1038/s41586-020-2649-2}
}




@book {hastie,
title = "The Elements of Statistical Learning: Data Mining, Inference, and Prediction, Second Edition. Springer Series in Statistics",
author = "T. Hastie and R.Tibshirani and J.Friedman",
year = "2009",
address = "New York",
publisher = "Springer",
url = "https://link.springer.com/book/10.1007\%2F978-0-387-84858-7",
pages = "389--414"
}
@book {hastie1,
title = "The Elements of Statistical Learning: Data Mining, Inference, and Prediction, Second Edition. Springer Series in Statistics",
author = "T. Hastie and R.Tibshirani and J.Friedman",
year = "2009",
address = "New York",
publisher = "Springer",
url = "https://link.springer.com/book/10.1007\%2F978-0-387-84858-7",
pages = "52"
}
@book {hein,
title = "Data Analysis and Machine Learning: Using Neural networks to solve ODEs and PDEs",
author = "Kristine Baluka Hein",
year = "2018",
address = "University of Oslo, Norway",
publisher = "Department of Informatics",
url = "https://compphysics.github.io/MachineLearning/doc/pub/odenn/html/._odenn-bs000.html",
pages = "1-41"
}
@article{eigenvalue,
 author  = {Zhang Yi, Yan Fu, Hua Jin Tang},
 title   = {Neural networks based approach for computing eigenvectors and eigenvalues of symmetric matrix},
 journal = {Computers and Mathematics with Applications},
 year    = {2004},
 volume  = {47},
 number  = {8-9},
 pages   = {1155-1164},
 url     = {https://doi.org/10.1016/S0898-1221(04)90110-1},
 doi     = {10.1016/S0898-1221(04)90110-1},
}
@book {compfys,
title = "Computational Physics Lecture Notes 2015",
author = "Morten Hjorth-Jensen",
year = "2015",
address = "University of Oslo, Norway",
publisher = "Department of Physics",
url = "https://github.com/CompPhysics/ComputationalPhysics/blob/master/doc/Lectures/lectures2015.pdf",
pages = "301-308"
}
@book {patrec,
title = " Pattern Recognition and Machine Learning",
author = "Christopher M. Bishop",
year = "2006",
address = "Cambridge CB3 0FB, U.K.",
publisher = "Springer Science",
url = "https://github.com/CompPhysics/MachineLearning/blob/master/doc/Textbooks/Bishop%20-%20Pattern%20Recognition%20and%20Machine.pdf",
pages = "1-2"
}

@misc{Yamahata_2024, 
title={Visualizing Tycho Brahe’s astronomical observations of Mars},
url={https://observablehq.com/@christophe-yamahata/visualizing-tycho-brahe-s-astronomical-observations-mars}, 
journal={Observable},
author={Yamahata, Christophe}, 
year={2024},
}

@book {johau1,
title = "Matematikk for ingeniørstudenter",
author = "John Haugan",
year = "2019",
address = "Røyseplassen 11, Drammen",
publisher = "John Haugan",
pages = "11-18"
}

@book {johau2,
title = "Matematikk for ingeniørstudenter",
author = "John Haugan",
year = "2019",
address = "Røyseplassen 11, Drammen",
publisher = "John Haugan",
pages = "36-47"
}


@book{fysml1,
  title = "Machine Learning Lecture Notes 2025",
  author = "Morten Hjorth-Jensen",
  year = "2025",
  address = "University of Oslo, Norway",
  publisher = "Department of Physics",
  url = "https://compphysics.github.io/MachineLearning/doc/LectureNotes/_build/html/chapter3.html",
  pages = {1}
}

@book{fysml2,
  title = "Machine Learning Lecture Notes 2025",
  author = "Morten Hjorth-Jensen",
  year = "2025",
  address = "University of Oslo, Norway",
  publisher = "Department of Physics",
  url = "https://compphysics.github.io/MachineLearning/doc/LectureNotes/_build/html/chapter2.html",
  pages = {1}
}

@book{fysml3,
  title = "Machine Learning Lecture Notes 2025",
  author = "Morten Hjorth-Jensen",
  year = "2025",
  address = "University of Oslo, Norway",
  publisher = "Department of Physics",
  url = "https://compphysics.github.io/MachineLearning/doc/LectureNotes/_build/html/week36.html",
  pages = {1}
}

@book{fysml4,
  title = "Machine Learning Lecture Notes 2025",
  author = "Morten Hjorth-Jensen",
  year = "2025",
  address = "University of Oslo, Norway",
  publisher = "Department of Physics",
  url = "https://compphysics.github.io/MachineLearning/doc/LectureNotes/_build/html/chapteroptimization.html",
  pages = {1}
}

@book{fysml5,
  title = "Machine Learning Lecture Notes 2025",
  author = "Morten Hjorth-Jensen",
  year = "2025",
  address = "University of Oslo, Norway",
  publisher = "Department of Physics",
  url = "https://compphysics.github.io/MachineLearning/doc/LectureNotes/_build/html/chapteroptimization.html",
  pages = {1}
}
@book{fysml6,
  title = "Machine Learning Lecture Notes 2025",
  author = "Morten Hjorth-Jensen",
  year = "2025",
  address = "University of Oslo, Norway",
  publisher = "Department of Physics",
  url = "https://compphysics.github.io/MachineLearning/doc/LectureNotes/_build/html/chapter1.html",
  pages  = {1},
}

@book{introstat,
  title     = {An Introduction to Statistical Learning: with Applications in R},
  author    = {Gareth James and Daniela Witten and Trevor Hastie and Robert Tibshirani},
  year      = {2013},
  publisher = {Springer},
  series    = {Springer Texts in Statistics},
  address   = {New York},
  doi       = {10.1007/978-1-4614-7138-7},
  isbn      = {978-1-4614-7137-0},
  url       = {https://www.statlearning.com/},
pages = {63}
}
@book{introstat1,
  title     = {An Introduction to Statistical Learning: with Applications in R},
  author    = {Gareth James and Daniela Witten and Trevor Hastie and Robert Tibshirani},
  year      = {2013},
  publisher = {Springer},
  series    = {Springer Texts in Statistics},
  address   = {New York},
  doi       = {10.1007/978-1-4614-7138-7},
  isbn      = {978-1-4614-7137-0},
  url       = {https://www.statlearning.com/},
pages = {217}
}

@book{introstat2,
  title     = {An Introduction to Statistical Learning: with Applications in R},
  author    = {Gareth James and Daniela Witten and Trevor Hastie and Robert Tibshirani},
  year      = {2013},
  publisher = {Springer},
  series    = {Springer Texts in Statistics},
  address   = {New York},
  doi       = {10.1007/978-1-4614-7138-7},
  isbn      = {978-1-4614-7137-0},
  url       = {https://www.statlearning.com/},
pages = {33}
}


@book {elestat1,
title = " IntroStat",
author = "a",
year = "2",
address = "C",
publisher = "S",
url = "github",
pages = {61}
}
@book {rasch1,
title = "Machine Learning with PyTorch and Scikit-Learn",
author = "Sebastiaan Raschka and Yuxi Liu and Vahid Mirjalili",
year = "2022",
address = "Birmingham, UK",
publisher = "Packt Publishing Ltd",
pages = {45-47}
}
@book {rasch2,
title = "Machine Learning with PyTorch and Scikit-Learn",
author = "Sebastiaan Raschka and Yuxi Liu and Vahid Mirjalili",
year = "2022",
address = "Birmingham, UK",
publisher = "Packt Publishing Ltd",
pages = {45-47}
}
@book {rasch3,
title = "Machine Learning with PyTorch and Scikit-Learn",
author = "Sebastiaan Raschka and Yuxi Liu and Vahid Mirjalili",
year = "2022",
address = "Birmingham, UK",
publisher = "Packt Publishing Ltd",
pages = {73}
}