@manual{name,
  author = {},
  title  = {},
  year   = {},
  url    = {},
  note   = {}
}